<?xml version='1.0' encoding='UTF-8'?>
<record xmlns="http://www.loc.gov/MARC21/slim">
  <leader>01463cam a2200289Mi 4500</leader>
  <controlfield tag="001">1141220</controlfield>
  <controlfield tag="003">NjP</controlfield>
  <controlfield tag="005">20170602175935.0</controlfield>
  <controlfield tag="008">920415m19189999ua            000 0 ara d</controlfield>
  <datafield tag="024" ind1="7" ind2=" ">
    <subfield code="a">princeton_aco002587</subfield>
    <subfield code="2">local</subfield>
  </datafield>
  <datafield ind1=" " ind2=" " tag="035">
    <subfield code="a">(OCoLC)ocm33996065</subfield>
  </datafield>
  <datafield ind1=" " ind2=" " tag="035">
    <subfield code="9">CCN9815TS</subfield>
  </datafield>
  <datafield ind1=" " ind2=" " tag="040">
    <subfield code="a">HLS</subfield>
    <subfield code="c">HLS</subfield>
    <subfield code="d">PUL</subfield>
  </datafield>
  <datafield ind1="0" ind2=" " tag="041">
    <subfield code="a">ara</subfield>
    <subfield code="h">eng</subfield>
  </datafield>
  <datafield ind1="1" ind2=" " tag="100">
    <subfield code="a">Darwin, Charles,</subfield>
    <subfield code="d">1809-1882</subfield>
    <subfield code="0">http://id.loc.gov/authorities/names/n78095637</subfield>
  </datafield>
  <datafield ind1="1" ind2="0" tag="240">
    <subfield code="a">Origin of species by means of natural selection ; or, The preservation of favored races in the struggle of life.</subfield>
    <subfield code="l">Arabic</subfield>
    <subfield code="f">1928.</subfield>
  </datafield>
  <datafield ind1="1" ind2="0" tag="245">
    <subfield code="a">Aṣl al-anwāʻ wa-nushūʾihā bi-al-intikhāb al-ṭabīʻī ; wa-ḥifẓ al-ṣufūf al-ghālibah fī al-tanāḥur ʻalá al-baqāʾ /</subfield>
    <subfield code="c">Shārlz Rūbirt Dārwīn ; naqalahu ilá al-ʻArabīyah Ismāʻīl Maẓhar.</subfield>
  </datafield>
  <datafield ind1="3" ind2=" " tag="246">
    <subfield code="a">Ervation of favored races in the struggle for life.</subfield>
  </datafield>
  <datafield ind1="3" ind2=" " tag="246">
    <subfield code="a">Ḥifẓ al-ṣufūf al-ghālibah fī al-tanāḥur ʻalá al-baqāʾ.</subfield>
  </datafield>
  <datafield ind1=" " ind2=" " tag="260">
    <subfield code="a">[Cairo] :</subfield>
    <subfield code="b">Dār al-ʻAṣr lil-Ṭabʻ wa-al-Nashr,</subfield>
    <subfield code="c">1918-</subfield>
  </datafield>
  <datafield ind1=" " ind2=" " tag="300">
    <subfield code="a">v. ;</subfield>
    <subfield code="c">24 cm.</subfield>
  </datafield>
  <datafield ind1=" " ind2="0" tag="650">
    <subfield code="a">Evolution.</subfield>
    <subfield code="0">http://id.loc.gov/authorities/subjects/sh85046029</subfield>
  </datafield>
  <datafield ind1=" " ind2="0" tag="650">
    <subfield code="a">Natural selection.</subfield>
    <subfield code="0">http://id.loc.gov/authorities/subjects/sh85090264</subfield>
  </datafield>
  <datafield ind1="1" ind2=" " tag="700">
    <subfield code="a">Maẓhar, Ismāʻīl.</subfield>
  </datafield>
  <datafield ind1="4" ind2=" " tag="856">
    <subfield code="u">http://catalog.hathitrust.org/Record/008888272</subfield>
  </datafield>
  <datafield ind1="4" ind2=" " tag="856">
    <subfield code="u">http://hdl.handle.net/2027/njp.32101033004373</subfield>
    <subfield code="v">3 v.1</subfield>
  </datafield>
  <datafield ind1=" " ind2=" " tag="947">
    <subfield code="a">CCN9815</subfield>
  </datafield>
  <datafield ind1=" " ind2=" " tag="911">
    <subfield code="a">20000402</subfield>
  </datafield>
  <datafield ind1="0" ind2="0" tag="852">
    <subfield code="0">1308437</subfield>
    <subfield code="b">nec</subfield>
    <subfield code="t">1</subfield>
    <subfield code="h">QH365.O37</subfield>
    <subfield code="i">M394 1918</subfield>
  </datafield>
  <datafield ind1=" " ind2="0" tag="866">
    <subfield code="0">1308437</subfield>
    <subfield code="a">Vol. 1</subfield>
  </datafield>
  <datafield ind1="8" ind2=" " tag="852">
    <subfield code="0">8688335</subfield>
    <subfield code="b">elf1</subfield>
    <subfield code="h">Electronic Resource</subfield>
  </datafield>
  <datafield ind1=" " ind2=" " tag="959">
    <subfield code="a">2000-06-08 00:00:00 -0500</subfield>
  </datafield>
</record>
